<record><leader>00000cas a22000007a 4500</leader><controlfield tag="001">17790606</controlfield><controlfield tag="008">880414d18801884nyucr ne      0    0eng d</controlfield><datafield ind1=" " ind2=" " tag="010"><subfield code="a">sn 88074168 </subfield></datafield><datafield ind1=" " ind2=" " tag="040"><subfield code="a">NYS</subfield><subfield code="b">eng</subfield><subfield code="c">NYS</subfield><subfield code="d">OCLCQ</subfield></datafield><datafield ind1=" " ind2=" " tag="042"><subfield code="a">msc</subfield></datafield><datafield ind1="0" ind2="4" tag="245"><subfield code="a">The Green Island review.</subfield></datafield><datafield ind1=" " ind2=" " tag="260"><subfield code="a">Green Island, N.Y. :</subfield><subfield code="b">Henry L. Gilbert</subfield></datafield><datafield ind1=" " ind2=" " tag="300"><subfield code="a">v.</subfield></datafield><datafield ind1=" " ind2=" " tag="310"><subfield code="a">Semiweekly, &lt;Dec. 2,</subfield><subfield code="b">1881&gt;-</subfield></datafield><datafield ind1=" " ind2=" " tag="321"><subfield code="a">Weekly, &lt;Feb. 18,</subfield><subfield code="b">1881&gt;</subfield></datafield><datafield ind1="1" ind2=" " tag="362"><subfield code="a">Began in 1880; ceased in 1884.</subfield></datafield><datafield ind1=" " ind2=" " tag="588"><subfield code="a">Description based on: Vol. 2, no. 7 (Feb. 18, 1881).</subfield></datafield><datafield ind1=" " ind2="4" tag="651"><subfield code="a">Green Island (N.Y.)</subfield><subfield code="v">Newspapers.</subfield></datafield><datafield ind1=" " ind2=" " tag="752"><subfield code="a">United States</subfield><subfield code="b">New York</subfield><subfield code="c">Albany</subfield><subfield code="d">Green Island.</subfield></datafield><datafield ind1="0" ind2="0" tag="785"><subfield code="t">Albany County herald</subfield></datafield></record>